@Manual{devtools,
	title = {devtools: Tools to make developing R code easier},
	author = {Hadley Wickham},
	year = {2011},
	note = {R package version 0.4},
	url = {http://CRAN.R-project.org/package=devtools},
}

@Manual{rcore,
    title = {R: A Language and Environment for Statistical Computing},
    author = {{R Development Core Team}},
    organization = {R Foundation for Statistical Computing},
    address = {Vienna, Austria},
    year = {2011},
    note = {{ISBN} 3-900051-07-0},
    url = {http://www.R-project.org/},
  }

@Manual{xml,
    title = {XML: Tools for parsing and generating XML within R and S-Plus.},
    author = {Duncan Temple Lang},
    year = {2011},
    note = {R package version 3.4-3},
    url = {http://CRAN.R-project.org/package=XML},
  }

@Manual{projecttemplate,
    title = {ProjectTemplate: Automates the creation of new statistical analysis projects.},
    author = {John Myles White},
    year = {2011},
    note = {R package version 0.3-5},
    url = {http://CRAN.R-project.org/package=ProjectTemplate},
  }
